@article{xia2023realitycanvas,
  title={RealityCanvas: Augmented Reality Sketching for Embedded and Responsive Scribble Animation Effects},
  author={Xia, Zhijie and Monteiro, Kyzyl and Van, Kevin and Suzuki, Ryo},
  journal={arXiv preprint arXiv:2307.16116},
  year={2023}
}


@inproceedings{manderson2016towards,
  title={Towards autonomous robotic coral reef health assessment},
  author={Manderson, Travis and Li, Jimmy and Cort{\'e}s Poza, David and Dudek, Natasha and Meger, David and Dudek, Gregory},
  booktitle={Field and Service Robotics: Results of the 10th International Conference},
  pages={95--108},
  year={2016},
  organization={Springer}
}


@inproceedings{manderson2020learning,
  title={Learning to drive off road on smooth terrain in unstructured environments using an on-board camera and sparse aerial images},
  author={Manderson, Travis and Wapnick, Stefan and Meger, David and Dudek, Gregory},
  booktitle={2020 IEEE International Conference on Robotics and Automation (ICRA)},
  pages={1263--1269},
  year={2020},
  organization={IEEE}
}

@inproceedings{henderson2018deep,
  title={Deep reinforcement learning that matters},
  author={Henderson, Peter and Islam, Riashat and Bachman, Philip and Pineau, Joelle and Precup, Doina and Meger, David},
  booktitle={Proceedings of the AAAI conference on artificial intelligence},
  volume={32},
  number={1},
  year={2018}
}


@misc{BERT,
  title = {BERT},
  author = {Maarten},
  url = {https://maartengr.github.io/BERTopic/api/bertopic.html}
}


